@misc{pmi,
  author       = {Project Management Institute},
  title        = {What is Project Management?},
  howpublished = {\href{https://www.pmi.org/about/learn-about-pmi/what-is-project-management}{https://www.pmi.org/about/learn-about-pmi/what-is-project-management}}
}

@book{harelimana,
  author    = {Harelimana JB},
  publisher = {Austin Publishing Group},
  title     = {Basic Concepts of Project Management},
  year      = {2017}
}

@article{chandrashekar,
  author  = {K.R. Chandrashekar},
  journal = {Project Management Institute},
  title   = {Object-Oriented Project Management (O2PM) Objectizing Work},
  year    = {2010}
}

@misc{educative,
  author       = {Erin Doherty},
  title        = {What is object-oriented programming? OOP explained in depth},
  howpublished = {\href{https://www.educative.io/blog/object-oriented-programming}{https://www.educative.io/blog/object-oriented-programming}}
}

@misc{stevenparker,
  author       = {Steven Parker},
  howpublished = {\href{https://teamtreehouse.com/community/what-exactly-is-a-library-in-programming}{https://teamtreehouse.com/community/what-exactly-is-a-library-in-programming}},
  title        = {What exactly is a library in programming?}
}

@misc{githubactions,
  author       = {GitHub Docs},
  howpublished = {\href{https://docs.github.com/en/actions/learn-github-actions/understanding-github-actions}{https://docs.github.com/en/actions/learn-github-actions/understanding-github-actions}},
  title        = {Understanding GitHub Actions}
}

@misc{wrike,
  author       = {Wrike},
  howpublished = {\href{https://www.wrike.com/project-management-guide/faq/what-is-a-project-charter-in-project-management/}{https://www.wrike.com/project-management-guide/faq/what-is-a-project-charter-in-project-management/}},
  title        = {What Is a Project Charter in Project Management?}
}

@misc{wrike-2,
  author       = {Wrike},
  howpublished = {\href{https://www.wrike.com/project-management-guide/faq/what-is-risk-in-project-management/}{https://www.wrike.com/project-management-guide/faq/what-is-risk-in-project-management/}},
  title        = {What is Risk in Project Management?}
}

@misc{criticalpath,
  author       = {Chris Spencer},
  howpublished = {\href{https://pypi.org/project/criticalpath/}{https://pypi.org/project/criticalpath/}},
  title        = {criticalpath 0.1.5}
}

@misc{wikipedia-testing,
  author       = {Wikipedia},
  howpublished = {\href{https://en.wikipedia.org/wiki/Software_testing}{https://en.wikipedia.org/wiki/Software\_testing}},
  title        = {Software testing}
}
